@Article{Watson61,
  author =       {H. C. Watson and J. C. Kendrew},
  title =        {The Amino-Acid Sequence of Sperm Whale Myoglobin. Comparison Between the Amino-Acid Sequences of Sperm Whale Myoglobin and of Human Hemoglobin},
  journal =      {Nature.},
  year =         1961,
  volume =       190,
  pages =        {670--672},
  OPTfiled  =    {},
  OPTmynote =    {},
  OPTpmid =      13783432,
}

@Article{Bradley08,
  author =       {R. K. Bradley and L. Pachter and I. Holmes},
  title =        {Specific Alignment of Structured {RNA:} Stochastic Grammars and Sequence Annealing},
  journal =      {Bioinformatics.},
  year =         2008,
  volume =       24,
  pages =        {2677--2683},
  OPTfiled  =    {},
  OPTmynote =    {},
  OPTpmid =      18796475,
}

@Article{Vogel05,
  author =       {J. Vogel and C. M. Sharma},
  title =        {How to Find Small Non-Coding {RNAs} in Bacteria},
  journal =      {Biol. Chem.},
  year =         2005,
  volume =       386,
  pages =        {1219--1238},
  pmid =      16336117,
}

@Article{Kazanov07,
  author =       {M. D. Kazanov and A. G. Vitreschak and M. S. Gelfand},
  title =        {Abundance and Functional Diversity of Riboswitches
                  in Microbial Communities},
  journal =      {BMC Genomics},
  year =         2007,
  volume =       8,
  pages =        347,
  pmid =      17908319,
}

@Article{Jones06,
  author =       {S. J. Jones},
  title =        {Prediction of Genomic Functional Elements},
  journal =      {Annu. Rev. Genomics Hum. Genet.},
  year =         2006,
  volume =       7,
  pages =        {315--338},
  pmid =      16824019,
}

@Article{Baird06,
  author =       {S. D. Baird and M. Turcotte and R. G. Korneluk and M. Holcik},
  title =        {Searching for {IRES}},
  journal =      {RNA.},
  year =         2006,
  volume =       12,
  pages =        {1755--1785},
  pmid =      16957278,
}

@Article{Hammann07,
  author =       {C. Hammann and E. Westhof},
  title =        {Searching Genomes for Ribozymes and Riboswitches},
  journal =      {Genome Biol.},
  year =         2007,
  volume =       8,
  pages =        210,
  pmid =      17472738,
}

@Article{Jossinet07,
  author =       {F. Jossinet and T. E. Ludwig and E. Westhof},
  title =        {{RNA} Structure: Bioinformatic Analysis},
  journal =      {Curr. Opin. Microbiol.},
  year =         2007,
  volume =       10,
  pages =        {279--285},
  pmid =      17548241,
}

@Article{Laederach07,
  author =       {A. Laederach},
  title =        {Informatics Challenges in Structured {RNA}},
  journal =      {Brief. Bioinform.},
  year =         2007,
  volume =       8,
  pages =        {294--303},
  pmid =      17611237,
}

@Article{StLaurent07,
  author =       {G. {St. Laurent} and C. Wahlestedt},
  title =        {Noncoding {RNAs:} Couplers of Analog and Digital
                  Information in Nervous System Function?},
  journal =      {Trends Neurosci.},
  year =         2007,
  volume =       30,
  pages =        {612--621},
  pmid =      17996312,
}

@Article{Rymarquis08,
  author =       {L. A. Rymarquis and J. P. Kastenmayer and
                  A. G. H\"{u}ttenhofer and P. J. Green},
  title =        {Diamonds in the Rough: {mRNA}-Like non-Coding
                  {RNAs}},
  journal =      {Trends Plant Sci.},
  year =         2008,
  volume =       13,
  pages =        {329--334},
  pmid =      18448381,
}

@Article{Pichon08,
  author =       {C. Pichon and B. Felden},
  title =        {Small {RNA} Gene Identification and {mRNA} Target Predictions in Bacteria},
  journal =      {Bioinformatics},
  year =         2008,
  volume =       24,
  pages =        {2807--2813},
  pmid =      18974076,
}

@Article{Machado-Lima08,
  author =       {A. Machado-Lima and H. A. del Portillo and A. M. Durham},
  title =        {Computational Methods in Noncoding {RNA} Research},
  journal =      {J. Math. Biol.},
  year =         2008,
  volume =       56,
  pages =        {15--49},
  pmid =      17786447,
}

@Article{Zhu07,
  author =       {Y. Zhu and D. K. Pulukkunat and Y. Li},
  title =        {Deciphering {RNA} Structural Diversity and
                  Systematic Phylogeny From Microbial Metagenomes},
  journal =      NAR,
  year =         2007,
  volume =       35,
  pages =        {2283--2294},
  pmid =      17389640,
}

@Article{Bejerano04,
  author =       {G. Bejerano and M. Pheasant and I. Makunin and
                  S. Stephen and W. J. Kent and J. S. Mattick and
                  D. Haussler},
  title =        {Ultraconserved Elements in the Human Genome},
  journal =      {Science},
  year =         2004,
  volume =       304,
  pages =        {1321--1325},
  pmid =      15131266,
}

@Article{Amiri94,
  author =       {K. A. Amiri},
  title =        {Fibrillarin-Like Proteins Occur in the Domain Archaea},
  journal =      JBACT,
  year =         1994,
  volume =       176,
  pages =        {2124--2127},
  pmid =      8144483,
}

@InCollection{Pace93,
  author = 	 {N. R. Pace and B. C. Thomas and C. R. Woese},
  title = 	 {Probing {RNA} Structure, Function and History by
                  Comparative Analysis},
  booktitle = 	 {The {RNA} World},
  pages =	 {113--142},
  publisher =	 {Cold Spring Harbor Laboratory Press},
  year =	 1993,
  editor =	 {R. F. Gesteland and J. F. Atkins},
  address =	 {New York}
}

@Article{Pearson96,
  author =       {W. R. Pearson},
  title =        {Effective Protein Sequence Comparison},
  journal =      METH,
  year =         1996,
  volume =       266,
  pages =        {227--258},
  pmid =      8743688,
}

@Article{Shannon48,
  author =       {C. E. Shannon},
  title =        {A Mathematical Theory of Communication},
  journal =      {Bell System Technical Journal},
  year =         1948,
  volume =       27,
  pages =        {379-423,623-656},
}

@Article{Babek07,
  author =       {T. Babak and B. J. Blencowe and T. R. Hughes},
  title =        {Considerations in the Identification of Functional
                  {RNA} Structural Elements in Genomic Alignments},
  journal =      {BMC Bioinformatics},
  year =         2007,
  volume =       8,
  pages =        33,
  pmid =      17263882,
}

@Article{Meyer07,
  author =       {I. M. Meyer},
  title =        {A Practical Guide to the art of {RNA} Gene Prediction},
  journal =      {Brief. Bioinform.},
  year =         2007,
  volume =       8,
  pages =        {396--414},
  pmid =      17483123,
}

@Article{Griffiths-Jones07,
  author =       {S. Griffiths-Jones},
  title =        {Annotating Noncoding {RNA} Genes},
  journal =      ARGHG,
  year =         2007,
  volume =       8,
  pages =        {279--298},
  pmid =      17506659,
}

@Article{Smit08,
  author =       {S. Smit and K. Rother and J. Heringa and R. Knight},
  title =        {From Knotted to Nested {RNA} Structures: a Variety
                  of Computational Methods for Pseudoknot Removal},
  journal =      {RNA},
  year =         2008,
  volume =       14,
  pages =        {410--416},
  pmid =      18230758,
}

@Article{Holmes08,
  author =       {R. K. Bradley and L. Pachter and I. Holmes},
  title =        {Specific Alignment of Structured {RNA:} Stochastic
                  Grammars and Sequence Annealing},
  journal =      {Bioinformatics},
  year =         2008,
  volume =       24,
  pages =        {2677--2683},
  pmid =      18796475,
}

@Article{Torarinsson08,
  author =       {E. Torarinsson and Z. Yao and E. D. Wiklund and
                  J. B. Bramsen and C. Hansen and J. Kjems and
                  N. Tommerup and W. L. Ruzzo and J. Gorodkin},
  title =        {Comparative Genomics Beyond Sequence-Based
                  Alignments: {RNA} Structures in the {ENCODE}
                  Regions},
  journal =      {Genome Res.},
  year =         2008,
  volume =       18,
  pages =        {242--251},
  pmid =      18096747,
}

@Article{Weinberg07,
  author =       {Z. Weinberg and J. E. Barrick and Z. Yao and A. Roth
                  and J. N. Kim and J. Gore and J. X. Wang and
                  E. R. Lee and K. F. Block and N. Sudarsan and
                  S. Neph and M. Tompa and W. L. Ruzzo and
                  R. R. Breaker}, 
  title =        {Identification of 22 Candidate Structured {RNAs} in
                  Bacteria Using the {CMfinder} Comparative Genomics
                  Pipeline}, 
  journal =      NAR,
  year =         2007,
  volume =       35,
  pages =        {4809--4819},
  pmid =      17621584,
}

@Article{Yao07,
  author =       {Z. Yao and J. Barrick and Z. Weinberg and S. Neph
                  and R. Breaker and M. Tompa and W. L. Ruzzo},
  title =        {A Computational Pipeline for High Throughput
                  Discovery of cis-Regulatory Noncoding {RNA} in
                  Prokaryotes},
  journal =      {PLoS Comput. Biol.},
  year =         2007,
  volume =       3,
  pages =        {e126},
  pmid =      17616982,
}

@Article{Yao06,
  author =       {Z. Yao and Z. Weinberg and W. L. Ruzzo},
  title =        {{CMfinder}--a Covariance Model Based {RNA} Motif
                  Finding Algorithm},
  journal =      {Bioinformatics},
  year =         2006,
  volume =       22,
  pages =        {445--452},
  pmid =      16357030,
}

@Article{Gropp96,
    author = {W. Gropp and E. Lusk and N. Doss and A. Skjellum},
    title = {A high-performance, portable implementation of the {MPI}
                  message passing interface standard},
    journal = {Parallel Computing},
    year = 1996,
    volume = 22,
    pages = {789--828}
}

@Article{Letunic08,
  author =       {I. Letunic and T. Doerks and P. Bork},
  title =        {{SMART} 6: Recent Updates and New Developments},
  journal =      NAR,
  year =         2009,
  volume =       37,
  pages =        {D229--D232},
  pmid =      18978020,
}

@Article{Cochrane08,
  author =       {G. Cochrane and R. Akhtar and P. Aldebert and
                  N. Althorpe and A. Baldwin and K. Bates and
                  S. Bhattacharyya and J. Bonfield and L. Bower and
                  P. Browne and M. Castro and T. Cox and F. Demiralp
                  and R. Eberhardt and N. Faruque and G. Hoad and
                  M. Jang and T. Kulikova and A. Labarga and
                  R. Leinonen and S. Leonard and Q. Lin and R. Lopez
                  and D. Lorenc and H. McWilliam and G. Mukherjee and
                  F. Nardone and S. Plaister and S. Robinson and
                  S. Sobhany and R. Vaughan and D. Wu and W. Zhu and
                  R. Apweiler and T. Hubbard and E. Birney},
  title =        {Priorities for Nucleotide Trace, Sequence and
                  Annotation Data Capture at the Ensembl Trace Archive
                  and the {EMBL} Nucleotide Sequence Database}, 
  journal =      NAR,
  year =         2008,
  volume =       36,
  pages =        {D5--12},
  pmid =      18039715,
}

@Article{Pedersen06,
  author =       {J. S. Pedersen and G. Bejerano and A. Siepel and
                  K. Rosenbloom and K. Lindblad-Toh and E. S. Lander
                  and J. Kent and W. Miller and D. Haussler},
  title =        {Identification and Classification of Conserved {RNA}
                  Secondary Structures in the Human Genome}, 
  journal =      {PLoS Comput. Biol.},
  year =         2006,
  volume =       2,
  pages =        {e33},
  pmid =      16628248,
}

@Article{Tringe05,
  author =       {S. G. Tringe and C. von Mering and A. Kobayashi and
                  A. A. Salamov and K. Chen and H. W. Chang and
                  M. Podar and J. M. Short and E. J. Mathur and
                  J. C. Detter and P. Bork and P. Hugenholtz and
                  E. M. Rubin},
  title =        {Comparative Metagenomics of Microbial Communities},
  journal =      {Science},
  year =         2005,
  volume =       308,
  pages =        {554--557},
  pmid =      15845853,
}

@Article{Washietl07,
  author =       {S. Washietl and J. S. Pedersen and J. O. Korbel and
                  C. Stocsits and A. R. Gruber and J. Hackerm\"{u}ller
                  and J. Hertel and M. Lindemeyer and K. Reiche and
                  A. Tanzer and C. Ucla and C. Wyss and
                  S. E. Antonarakis and F. Denoeud and J. Lagarde and
                  J. Drenkow and P. Kapranov and T. R. Gingeras and
                  R. Guig\'{o} and M. Snyder and M. B. Gerstein and
                  A. Reymond and I. L. Hofacker and P. F. Stadler},
  title =        {Structured {RNAs} in the {ENCODE} Selected Regions
                  of the Human Genome},
 journal =      {Genome Res.},
  year =         2007,
  volume =       17,
  pages =        {852--864},
  pmid =      17568003,
}

@Article{Gottesman05,
  author =       {S. Gottesman},
  title =        {Micros for Microbes: Non-Coding Regulatory {RNAs} in Bacteria},
  journal =      TIGS,
  year =         2005,
  volume =       7,
  pages =        {399-404},
 pmid =      15913835,
}


@Article{Muramatsu66,
  author =       {M. Muramatsu and J. L. Hodnett and H. Busch},
  title =        {Base composition of fractions of nuclear and nucleolar ribonucleic acid obtained by sedimentation and chromatography},
  journal =      {J Biol Chem},
  year =         1966,
  volume =       241,
  pages =        {1544-1550},
  OPTfiled  =    {},
  OPTmynote =    {},
  OPTpmid =      5946613,
}

@Article{Frank98,
  author =       {D. N. Frank and N. R. Pace},
  title =        {Ribonuclease {P}: Unity and Diversity in a {tRNA} Processing Ribozyme},
  journal =      {Annu Rev Biochem.},
  year =         1998,
  volume =       67,
  pages =        {153--180},
  OPTfiled  =    {},
  OPTmynote =    {},
  OPTpmid =      9759486,
}

@Article{Nissen00,
  author =       {P. Nissen and J. Hansen and N. Ban and P. B. Moore and T. A. Steitz},
  title =        {The Structural Basis of Ribosome Activity in Peptide Bond Synthesis},
  journal =      {Science.},
  year =         2000,
  volume =       289,
  pages =        {920--930},
  OPTfiled  =    {},
  OPTmynote =    {},
  OPTpmid =      10937990,
}

@Article{Gottesman04c,
  author =       {P. J. Wilderman and N. A. Sowa and D. J. FitzGerald and P. C. FitzGerald and S. Gottesman and U. A. Ochsner and M. L. Vasil},
  title =        {Identification of Tandem Duplicate Regulatory Small {RNAs} in Pseudomonas Aeruginosa Involved in Iron Homeostasis},
  journal =      {Proc Natl Acad Sci U S A.},
  year =         2004,
  volume =       101,
  pages =        {9792--9797},
  OPTfiled  =    {},
  OPTmynote =    {},
  OPTpmid =      15210934,
}

@Article{Bushati07,
  author =       {N. Bushati and  S. Cohen},
  title =        {{microRNA} Functions},
  journal =      {Annu Rev Cell Dev Biol.},
  year =         2007,
  volume =       23,
  pages =        {175--205},
  OPTfiled  =    {},
  OPTmynote =    {},
  OPTpmid =      17506695,
}

@Article{Michels03,
  author =       {A. A. Michels and V. T. Nguyen and A. Fraldi and V. Labas and M. Edwards and F. Bonnet and L. Lania and O. Bensaude},
  title =        {{MAQ1} and {7SK} {RNA} Interact With {CDK9/cyclin} T Complexes in a Transcription-Dependent Manner},
  journal =      {Mol Cell Biol.},
  year =         2003,
  volume =       23,
  pages =        {4859--4869},
  OPTfiled  =    {},
  OPTmynote =    {},
  OPTpmid =      12832472,
}

@Article{Coppins07,
  author =       {R. L. Coppins and K. B. Hall and E. A. Groisman},
  title =        {The Intricate World of Riboswitches},
  journal =      {Curr Opin Microbiol.},
  year =         2007,
  volume =       10,
  pages =        {176--181},
  OPTfiled  =    {},
  OPTmynote =    {},
  OPTpmid =      17383225,
}

@Article{Henkin08,
  author =       {T. M. Henkin},
  title =        {Riboswitch {RNAs:} Using {RNA} to Sense Cellular Metabolism},
  journal =      {Genes Dev.},
  year =         2008,
  volume =       22,
  pages =        {3383--3390},
  OPTfiled  =    {},
  OPTmynote =    {},
  OPTpmid =      19141470,
}

@Article{Mandal04,
  author =       {M. Mandal and R. R. Breaker},
  title =        {Gene Regulation by Riboswitches},
  journal =      {Nat Rev Mol Cell Biol.},
  year =         2004,
  volume =       5,
  pages =        {451--463},
  OPTfiled  =    {},
  OPTmynote =    {},
  OPTpmid =      15173824,
}

@Article{Sudarsan03,
  author =       {N. Sudarsan and J. K. Wickiser and S. Nakamura and M. S. Ebert and R. R. Breaker},
  title =        {An {mRNA} Structure in Bacteria That Controls Gene Expression by Binding Lysine},
  journal =      {Genes Dev.},
  year =         2003,
  volume =       17,
  pages =        {2688--2697},
  OPTfiled  =    {},
  OPTmynote =    {},
  OPTpmid =      14597663,
}

@Article{Sudarsan03b,
  author =       {N. Sudarsan and J. E. Barrick and R. R. Breaker},
  title =        {Metabolite-binding {RNA} domains are present in the genes of eukaryotes.},
  journal =      {RNA},
  year =         2003,
  volume =       9,
  pages =        {644--647},
  OPTfiled  =    {},
  OPTmynote =    {},
  OPTpmid =      14597663,
}

@Article{Rodionov03,
  author =       {D. A. Rodionov and A. G. Vitreschak and A. A. Mironov and M. S. Gelfand},
  title =        {Regulation of Lysine Biosynthesis and Transport Genes in Bacteria: yet Another {RNA} Riboswitch?},
  journal =      {Nucleic Acids Res.},
  year =         2003,
  volume =       31,
  pages =        {6748--6757},
  OPTfiled  =    {},
  OPTmynote =    {},
  OPTpmid =      14627808,
}

@Article{Nahvi02,
  author =       {A. Nahvi and N. Sudarsan and M. S. Ebert and X. Zou and K. L. Brown and R. R. Breaker},
  title =        {Genetic Control by a Metabolite Binding {mRNA}},
  journal =      {Chem Biol.},
  year =         2002,
  volume =       9,
  pages =        {1043},
  OPTfiled  =    {},
  OPTmynote =    {},
  OPTpmid =      12323379,
}

@Article{Winkler02,
  author =       {W. Winkler and A. Nahvi and R. R. Breaker},
  title =        {Thiamine Derivatives Bind Messenger {RNAs} Directly to Regulate Bacterial Gene Expression},
  journal =      {Nature.},
  year =         2002,
  volume =       419,
  pages =        {952--956},
  OPTfiled  =    {},
  OPTmynote =    {},
  OPTpmid =      12410317,
}

@InCollection{Breaker06,
  author = 	 {R. R. Breaker},
  title = 	 {Riboswitches and the {RNA} world}, 
  booktitle = 	 {The {RNA} World, Third Edition},
  pages =	 {89-107},
  publisher =	 {Cold Spring Harbor Laboratory Press},
  year =	 2006,
  editor =	 {R. F. Gesteland and T. R. Cech and J. F. Atkins},
  address =	 {New York}
}

@Article{Evans06,
  author =       {D. Evans and S. M. Marquez and N. R. Pace},
  title =        {{RNase} {P}: Interface of the {RNA} and Protein Worlds},
  journal =      {Trends Biochem Sci.},
  year =         2006,
  volume =       31,
  pages =        {333--341},
  OPTfiled  =    {},
  OPTmynote =    {},
  OPTpmid =      16679018,
}

@Article{Varani91,
  author =       {G. Varani and I. Tinoco Jr.},
  title =        {{RNA} Structure and {NMR} Spectroscopy},
  journal =      {Q Rev Biophys.},
  year =         1991,
  volume =       24,
  pages =        {479--532},
  OPTfiled  =    {},
  OPTmynote =    {},
  OPTpmid =      1723809,
}

@Article{Yusupov01,
  author =       {M. M. Yusupov and G. Z. Yusupova and A. Baucom and K. Lieberman and T. N. Earnest and J. H. Cate and H. F. Noller},
  title =        {Crystal Structure of the Ribosome at 5.5 A Resolution},
  journal =      {Science.},
  year =         2001,
  volume =       292,
  pages =        {883--896},
  OPTfiled  =    {},
  OPTmynote =    {},
  OPTpmid =      11283358,
}

@Article{Lescoute05,
  author =       {A. Lescoute and N. B. Leontis and C. Massire and E. Westhof},
  title =        {Recurrent Structural {RNA} Motifs, Isostericity Matrices and Sequence Alignments},
  journal =      {Nucleic Acids Res.},
  year =         2005,
  volume =       33,
  pages =        {2395--2409},
  OPTfiled  =    {},
  OPTmynote =    {},
  OPTpmid =      15860776,
}
@Article{Wimberly00,
  author =       {B. T. Wimberly and D. E. Brodersen and  and R. J. Morgan-Warren and A. P. Carter and C. Vonrhein and T. Hartsch and V. Ramakrishnan},
  title =        {Structure of the 30S Ribosomal Subunit},
  journal =      {Nature.},
  year =         2000,
  volume =       407,
  pages =        {327--339},
  OPTfiled  =    {},
  OPTmynote =    {},
  OPTpmid =      11014182,
}
@Article{Pruesse07,
  author =       {E. Pruesse and C. Quast and K. Knittel and B. M. Fuchs and W. Ludwig and J. Peplies and F. \"{O}. Glockner},
  title =        {{SILVA:} a Comprehensive Online Resource for Quality Checked and Aligned Ribosomal {RNA} Sequence Data Compatible With {ARB}},
  journal =      {Nucleic Acids Res.},
  year =         2007,
  volume =       35,
  pages =        {7188--7196},
  OPTfiled  =    {},
  OPTmynote =    {},
  OPTpmid =      17947321,
}
@Article{Fox80,
  author =       {G. E. Fox and E. Stackebrandt and R. B. Hespell and J. Gibson and J. Maniloff and T. A. Dyer and R. S. Wolfe and W. E. Balch and R. S. Tanner and L. J. Magrum and L. B. Zablen and R. Blakemore and R. Gupta and L. Bonen and B. J. Lewis and D. A. Stahl and K. R. Luehrsen and K. N. Chen and C. R. Woese},
  title =        {The Phylogeny of Prokaryotes},
  journal =      {Science.},
  year =         1980,
  volume =       209,
  pages =        {457--463},
  OPTfiled  =    {},
  OPTmynote =    {},
  OPTpmid =      {},
}
@Article{Kumar07,
  author =       {S. Kumar and A. Filipski},
  title =        {Multiple Sequence Alignment: in Pursuit of Homologous {DNA} Positions},
  journal =      {Genome Res.},
  year =         2007,
  volume =       17,
  pages =        {127--135},
  OPTfiled  =    {},
  OPTmynote =    {},
  OPTpmid =      17272647,
}
@Article{Woese80b,
  author =       {C. R. Woese and J. Maniloff and L. B. Zablan},
  title =        {Phylogenetic analysis of the mycoplasmas},
  journal =      {Proc Natl Acad Sci U S A.},
  year =         1980,
  volume =       77,
  pages =        {494--498},
  OPTfiled  =    {},
  OPTmynote =    {},
  OPTpmid =      {},
}
@Article{Woese83,
  author =       {C. R. Woese and R. Gutell and R. Gupta and H. F. Noller},
  title =        {Detailed Analysis of the Higher-Order Structure of 16{S}-Like Ribosomal Ribonucleic Acids},
  journal =      {Microbiol Rev.},
  year =         1983,
  volume =       47,
  pages =        {621--669},
  OPTfiled  =    {},
  OPTmynote =    {},
  OPTpmid =      {},
}
@Article{Woese84,
  author =       {C. R. Woese and E. Stackebrandt and W. G. Weisburg and B. J. Paster and M. T. Madigan and V. J. Fowler and C. M. Hahn and P. Blanz and R. Gupta and K. H. Nealson and G. E. Fox},
  title =        {The Phylogeny of Purple Bacteria: the Alpha Subdivision},
  journal =      {Syst Appl Microbiol.},
  year =         1984,
  volume =       5,
  pages =        {315--326},
  OPTfiled  =    {},
  OPTmynote =    {},
  OPTpmid =      11541974,
}
@Article{Woese87,
  author =       {C. R. Woese},
  title =        {Bacterial evolution},
  journal =      {Microbial Rev.},
  year =         1987,
  volume =       51,
  pages =        {221--71},
  OPTfiled  =    {},
  OPTmynote =    {},
  OPTpmid =      2439888,
}
@Article{Olsen86,
  author =       {G. J. Olsen and D. J. Lane and S. J. Giovannoni and N. R. Pace and D. A. Stahl},
  title =        {Microbial ecology and evolution: a ribosomal {RNA} approach},
  journal =      {Annu Rev Microbiol.},
  year =         1986,
  volume =       40,
  pages =        {337--365},
  OPTfiled  =    {},
  OPTmynote =    {},
  OPTpmid =      2430518,
}
@Article{Lane85,
  author =       {D. J. Lane and B. Pace and G. J. Olsen and D. A. Stahl and M. L. Sogin and N. R. Pace},
  title =        {Rapid determination of 16{S} ribosomal {RNA} sequences for phylogenetic analyses},
  journal =      {Proc Natl Acad Sci U S A.},
  year =         1985,
  volume =       82,
  pages =        {6955--6959},
  OPTfiled  =    {},
  OPTmynote =    {},
  OPTpmid =      2413450,
}
@Article{Woese80,
  author =       {C. R. Woese and L. J. Magrum and R. Gupta and R. B. Siegel and D. A. Stahl and J. Kop and N. Crawford and J. Brosius and R. Gutell and J. J. Hogan and H. F. Noller},
  title =        {Secondary structure model for bacterial 16{S} ribosomal {RNA}: phylogenetic, enzymatic and chemical evidence},
  journal =      {Nucleic Acids Res.},
  year =         1980,
  volume =       10,
  pages =        {2275-93},
  OPTfiled  =    {},
  OPTmynote =    {},
  OPTpmid =      6159576,
}
@Article{Lee02,
  author =       {C. Lee and C. Grasso and M. F. Sharlow}, 
  title =        {Multiple Sequence Alignment Using Partial Order Graphs},
  journal =      {Bioinformatics.},
  year =         2002,
  volume =       18,
  pages =        {452--464},
  OPTfiled  =    {},
  OPTmynote =    {},
  OPTpmid =      11934745,
}
@Article{Sanger75,
  author =       {F. Sanger and A. R. Coulson},
  title =        {A Rapid Method for Determining Sequences in {DNA} by Primed Synthesis With {DNA} Polymerase},
  journal =      {J Mol Biol.},
  year =         1975,
  volume =       94,
  pages =        {441--448},
  OPTfiled  =    {},
  OPTmynote =    {},
  OPTpmid =      1100841,
}
@Article{Sanger77,
  author =       {F. Sanger and S. Nicklen and A. R. Coulson},
  title =        {{DNA} Sequencing With Chain-Terminating Inhibitors},
  journal =      {Proc Natl Acad Sci U S A.},
  year =         1977,
  volume =       74,
  pages =        {5463--5467},
  OPTfiled  =    {},
  OPTmynote =    {},
  OPTpmid =      271968,
}
@Article{Gupta83,
  author =       {R. Gupta and J. M. Lanter and C. R. Woese},
  title =        {Sequence of the 16{S} Ribosomal {RNA} From Halobacterium Volcanii, an Archaebacterium},
  journal =      {Science.},
  year =         1983,
  volume =       221,
  pages =        {656--659},
  OPTfiled  =    {},
  OPTmynote =    {},
  OPTpmid =      17787735,
}
@Article{Weller89,
  author =       {R. Weller and D. M. Ward},
  title =        {Selective Recovery of 16{S} {rRNA} Sequences From Natural Microbial Communities in the Form of {cDNA}},
  journal =      {Appl Environ Microbiol.},
  year =         1989,
  volume =       55,
  pages =        {1818--1822},
  OPTfiled  =    {},
  OPTmynote =    {},
  OPTpmid =      16347975,
}
@Article{Giovannoni90,
  author =       {S. J. Giovannoni and T. B. Britschgi and C. L. Moyer and K. G. Field},
  title =        {Genetic Diversity in Sargasso Sea Bacterioplankton},
  journal =      {Nature.},
  year =         1990,
  volume =       345,
  pages =        {60--63},
  OPTfiled  =    {},
  OPTmynote =    {},
  OPTpmid =      2330053,
}
@Article{Ward90,
  author =       {D. M. Ward and R. Weller and M. M. Bateson},
  title =        {16{S} {rRNA} Sequences Reveal Numerous Uncultured Microorganisms in a Natural Community},
  journal =      {Nature.},
  year =         1990,
  volume =       345,
  pages =        {63--65},
  OPTfiled  =    {},
  OPTmynote =    {},
  OPTpmid =      1691827,
}
@Article{Weller92,
  author =       {R. Weller and M. M. Bateson and B. K. Heimbuch and E. D. Kopczynski and D. M. Ward},
  title =        {Uncultivated Cyanobacteria, Chloroflexus-Like Inhabitants, and Spirochete-Like Inhabitants of a hot Spring Microbial mat},
  journal =      {Appl Environ Microbiol.},
  year =         1992,
  volume =       58,
  pages =        {3964--3969},
  OPTfiled  =    {},
  OPTmynote =    {},
  OPTpmid =      1282313,
}
@Article{Brock67,
  author =       {T. D. Brock},
  title =        {Life at High Temperatures. Evolutionary, Ecological, and Biochemical Significance of Organisms Living in hot Springs is Discussed},
  journal =      {Science.},
  year =         1967,
  volume =       158,
  pages =        {1012--1019},
  OPTfiled  =    {},
  OPTmynote =    {},
  OPTpmid =      4861476,
}
@Article{Morris02,
  author =       {R. M. Morris and M. S. Rappé and S. A. Connon and K. L. Vergin and W. A. Siebold and C. A. Carlson and S. J. Giovannoni},
  title =        {{SAR11} Clade Dominates Ocean Surface Bacterioplankton Communities},
  journal =      {Nature.},
  year =         2002,
  volume =       420,
  pages =        {806--810},
  OPTfiled  =    {},
  OPTmynote =    {},
  OPTpmid =      12490947,
}
@Article{DeLong01,
  author =       {E. F. DeLong and N. R. Pace},
  title =        {Environmental Diversity of Bacteria and Archaea},
  journal =      {Syst Biol.},
  year =         2001,
  volume =       50,
  pages =        {470--478},
  OPTfiled  =    {},
  OPTmynote =    {},
  OPTpmid =      12116647,
}
@Article{Ley06,
  author =       {R. E. Ley and J. K. Harris and J. Wilcox and J. R. Spear and S. R. Miller and B. M. Bebout and J. A. Maresca and D. A. Bryant and M. L. Sogin and N. R. Pace},
  title =        {Unexpected Diversity and Complexity of the Guerrero Negro Hypersaline Microbial mat},
  journal =      {Appl Environ Microbiol.},
  year =         2006,
  volume =       72,
  pages =        {3685--3695},
  OPTfiled  =    {},
  OPTmynote =    {},
  OPTpmid =      16672518,
}
@Article{Mesbah07,
  author =       {N. M. Mesbah and S. H. Abou-El-Ela and J. Weigel},
  title =        {Novel and Unexpected Prokaryotic Diversity in Water and Sediments of the Alkaline, Hypersaline Lakes of the Wadi An Natrun, Egypt},
  journal =      {Microb Ecol.},
  year =         2007,
  volume =       54,
  pages =        {598--617},
  OPTfiled  =    {},
  OPTmynote =    {},
  OPTpmid =      17450395,
}
@article{Hugenholtz08,
  author =       {P. Hugenholtz and G. W. Tyson},
  title =        {Microbiology: metagenomics},
  journal =      {Nature.},
  year =         2008,
  volume =       455,
  pages =        {481--483},
  OPTfiled  =    {},
  OPTmynote =    {},
  OPTpmid =      18818648,
}
@Article{Tringe08,
  author =       {S. G. Tringe and P. Hugenholtz},
  title =        {A Renaissance for the Pioneering 16{S} {rRNA} Gene},
  journal =      {Curr Opin Microbiol.},
  year =         2008,
  volume =       11,
  pages =        {442--446},
  OPTfiled  =    {},
  OPTmynote =    {},
  OPTpmid =      18817891,
}
@Article{Riesenfeld04,
  author =       {C. S. Riesenfeld and P. D. Schloss and J. Handelsman},
  title =        {Metagenomics: Genomic Analysis of Microbial Communities},
  journal =      {Annu Rev Genet.},
  year =         2004,
  volume =       38,
  pages =        {525--552},
  OPTfiled  =    {},
  OPTmynote =    {},
  OPTpmid =      15568985,
}
@Article{Tringe05b,
  author =       {S. G. Tringe and E. M. Rubin},
  title =        {Metagenomics: {DNA} Sequencing of Environmental Samples},
  journal =      {Nat Rev Genet.},
  year =         2005,
  volume =       6,
  pages =        {805--814},
  OPTfiled  =    {},
  OPTmynote =    {},
  OPTpmid =      16304596,
}
@Article{Pace97,
  author =       {N. R. Pace},
  title =        {A Molecular View of Microbial Diversity and the Biosphere},
  journal =      {Science.},
  year =         1997,
  volume =       276,
  pages =        {734--740},
  OPTfiled  =    {},
  OPTmynote =    {},
  OPTpmid =      9115194,
}
@Article{Hugenholtz98,
  author =       {P. Hugenholtz and B. M. Goebel and N. R. Pace},
  title =        {Impact of Culture-Independent Studies on the Emerging Phylogenetic View of Bacterial Diversity},
  journal =      {J Bacteriol.},
  year =         1998,
  volume =       180,
  pages =        {4765--4774},
  OPTfiled  =    {},
  OPTmynote =    {},
  OPTpmid =      9733676,
}
@Article{Mullis87,
  author =       {K. B. Mullis and F. A. Faloona},
  title =        {Specific Synthesis of {DNA} in Vitro via a Polymerase-Catalyzed Chain Reaction},
  journal =      {Methods Enzymol.},
  year =         1987,
  volume =       155,
  pages =        {335--350},
  OPTfiled  =    {},
  OPTmynote =    {},
}
@Article{Tyson04,
  author =       {G. W. Tyson and J. Chapman and P. Hugenholtz and E. E. Allen and R. J. Ram and P. M. Richardson and V. V. Solovyev and E. M. Rubin and D. S. Rokhsar and J. F. Banfield},
  title =        {Community Structure and Metabolism Through Reconstruction of Microbial Genomes From the Environment},
  journal =      {Nature.},
  year =         2004,
  volume =       428,
  pages =        {37--43},
  OPTfiled  =    {},
  OPTmynote =    {},
  OPTpmid =      14961025,
}

@Article{Fox77,
  author =       {G. E. Fox and K. R. Pechman and C. R. Woese},
  title =        {Comparative Cataloging of 16{S} Ribosomal Ribonucleic Acid: Molecular Approach to Procaryotic Systematics},
  journal =      {Int J Syst Bacteriol},
  year =         1977,
  volume =       27,
  pages =        {44--57},
  OPTfiled  =    {},
  OPTmynote =    {},
}
@Article{Brosius78,
  author =       {J. Brosius and M. L. Palmer and P. J. Kennedy and H. F. Noller},
  title =        {Complete Nucleotide Sequence of a 16{S} Ribosomal {RNA} Gene From Escherichia Coli},
  journal =      {Proc Natl Acad Sci U S A.},
  year =         1978,
  volume =       75,
  pages =        {4801--4805},
  OPTfiled  =    {},
  OPTmynote =    {},
  OPTpmid =      368799,
}
@Book{Felsenstein03,
  author = 	 {J. Felsenstein},
  title = 	 {Inferring Phylogenies},
  publisher = 	 {Sianuer Associates},
  year = 	 2003,
  address =      {Sunderland, Massachussetts},
  edition =      {2nd},
  isbn =         {0878931775}
}



@Article{Loytynoja08,
  author =       {A. L\"{o}ytynoja and N. Goldman},
  title =        {Phylogeny-Aware gap Placement Prevents Errors in Sequence Alignment and Evolutionary Analysis},
  journal =      {Science.},
  year =         2008,
  volume =       320,
  pages =        {1632--1635},
  OPTfiled  =    {},
  OPTmynote =    {},
  OPTpmid =      18566285,
}
@Article{Goldman98,
  author =       {N. Goldman},
  title =        {Effects of sequence alignment procedures on estimates of phylogeny},
  journal =      {Bioessays},
  year =         1998,
  volume =       20,
  pages =        {287-290},
  OPTfiled  =    {},
  OPTmynote =    {},
}
@Article{Ashelford05,
  author =       {K. E. Ashelford and N. A. Chuzhanova and J. C. Fry and A. J. Jones and A. J. Weightman},
  title =        {At Least 1 in 20 16{S} {rRNA} Sequence Records Currently Held in Public Repositories is Estimated to Contain Substantial Anomalies},
  journal =      {Appl Environ Microbiol.},
  year =         2005,
  volume =       71,
  pages =        {7724--7736},
  OPTfiled  =    {},
  OPTmynote =    {},
  OPTpmid =      16332745,
}
@Article{Ashelford06,
  author =       {K. E. Ashelford and N. A. Chuzhanova and J. C. Fry and A. J. Jones and A. J. Weightman},
  title =        {New Screening Software Shows That Most Recent Large 16{S} {rRNA} Gene Clone Libraries Contain Chimeras},
  journal =      {Appl Environ Microbiol.},
  year =         2006,
  volume =       72,
  pages =        {5734--5741},
  OPTfiled  =    {},
  OPTmynote =    {},
  OPTpmid =      16957188,
}
@Article{Shuldin89,
  author =       {A. R. Shuldiner and A. Nirula and J. Roth},
  title =        {Hybrid {DNA} Artifact From {PCR} of Closely Related Target Sequences},
  journal =      {Nucleic Acids Res.},
  year =         1989,
  volume =       17,
  pages =        {4409},
  OPTfiled  =    {},
  OPTmynote =    {},
  OPTpmid =      2740241,
}
@Article{Wang97,
  author =       {G. C. Wang and Y. Wang},
  title =        {Frequency of Formation of Chimeric Molecules as a Consequence of {PCR} Coamplification of 16{S} {rRNA} Genes From Mixed Bacterial Genomes},
  journal =      {Appl Environ Microbiol.},
  year =         1997,
  volume =       63,
  pages =        {4645--4650},
  OPTfiled  =    {},
  OPTmynote =    {},
  OPTpmid =      9406382,
}

@InCollection{Lane91,
  author = 	 {D. J. Lane},
  title = 	 {16{S}/23{S} r{RNA} sequencing},
  booktitle = 	 {Nucleic acid techniques in bacterial systematics},
  pages =	 {115--175},
  publisher =	 {John Wiley and Sons},
  year =	 1991,
  editor =	 {E. Stackebrandt and M. Goodfellow},
  address =	 {New York}
}
@Article{DeSantis06a,
  author =       {T. Z. DeSantis and P. Hugenholtz and N. Larsen and M. Rojas and E. L. Brodie and K. Keller and T. Huber and D. Dalevi and P. Hu and G. L. Andersen},
  title =        {Greengenes, a Chimera-Checked 16{S} {rRNA} Gene Database and Workbench Compatible With {ARB}},
  journal =      {Appl Environ Microbiol.},
  year =         2006,
  volume =       72,
  pages =        {5069--5072},
  OPTfiled  =    {},
  OPTmynote =    {},
  OPTpmid =      16820507,
}
@PhdThesis{Weinberg05,
  author = 	 {Zasha Weinberg},
  title = 	 {Accurate annotation of non-coding {RNA}s in practical time},
  school = 	 {University of Washington},
  year = 	 2005,
  website =      {http://bliss.biology.yale.edu/~zasha/a_big_diss.html}
}
@Article{Benson08,
  author =       {D. A. Benson and I. Karsch-Mizrachi and D. J. Lipman and J. Ostell and D. L. Wheeler},
  title =        {{GenBank}},
  journal =      {Nucleic Acids Res.},
  year =         2006,
  volume =       34,
  pages =        {D16--D20},
  OPTfiled  =    {},
  OPTmynote =    {},
  OPTpmid =      16381837,
}
@Article{Cameron07,
  author =       {S. A. Cameron and H. M. Hines and P. H. Williams},
  title =        {A comprehensive phylogeny of the bumble bees (\emph{{B}ombus})},
  journal =      {Biological Journal of the Linnean Society},
  year =         2007,
  volume =       91,
  pages =        {161--188},
  OPTfiled  =    {},
  OPTmynote =    {},
}

@Article{Lew03,
  author =       {A. E. Lew and K. R. Gale and C. M. Minchin and V. Shkap and D. T. de Wall},
  title =        {Phylogenetic Analysis of the Erythrocytic Anaplasma Species Based on 16{S} {rDNA} and {GroEL} {(HSP60)} Sequences of A. Marginale, A. Centrale, and A. Ovis and the Specific Detection of A. Centrale Vaccine Strain},
  journal =      {Vet Microbiol.},
  year =         2003,
  volume =       92,
  pages =        {145--160},
  OPTfiled  =    {},
  OPTmynote =    {},
  OPTpmid =      12488078,
}
@Article{Mallatt02,
  author =       {J. Mallatt and C. J. Winchell},
  title =        {Testing the new Animal Phylogeny: First use of Combined Large-Subunit and Small-Subunit {rRNA} Gene Sequences to Classify the Protostomes},
  journal =      {Mol Biol Evol.},
  year =         2002,
  volume =       19,
  pages =        {289--301},
  OPTfiled  =    {},
  OPTmynote =    {},
}
@Article{Handelsman98,
  author =       {J. Handelsman and M. R. Rondon and S. F. Brady and J. Clardy and R. M. Goodman},
  title =        {Molecular Biological Access to the Chemistry of Unknown Soil Microbes: a new Frontier for Natural Products},
  journal =      {Chem Biol.},
  year =         1998,
  volume =       5,
  pages =        {R245--R249},
  OPTfiled  =    {},
  OPTmynote =    {},
  OPTpmid =      9818143,
}
@Article{Gao07,
  author =       {Z. Gao and C. H. Tseng and Z. Pei and M. J. Blaser},
  title =        {Molecular Analysis of Human Forearm Superficial Skin Bacterial Biota},
  journal =      {Proc Natl Acad Sci U S A.},
  year =         2007,
  volume =       104,
  pages =        {2927--2932},
  OPTfiled  =    {},
  OPTmynote =    {},
  OPTpmid =      17293459,
}
@Article{Woo08,
  author =       {P. C. Woo and S. K. Lau and J. L. Teng and H. Tse and K. Y. Yuen},
  title =        {Then and Now: use of 16{S} {rDNA} Gene Sequencing for Bacterial Identification and Discovery of Novel Bacteria in Clinical Microbiology Laboratories},
  journal =      {Clin Microbiol Infect.},
  year =         2008,
  volume =       14,
  pages =        {908--934},
  OPTfiled  =    {},
  OPTmynote =    {},
}
@Article{Hyman05,
  author =       {R. W. Hyman and M. Fukushima and L. Diamond and J. Kumm and L. C. Giudice and R. W. Davis},
  title =        {Microbes on the Human Vaginal Epithelium},
  journal =      {Proc Natl Acad Sci U S A.},
  year =         2005,
  volume =       102,
  pages =        {7952--7957},
  OPTfiled  =    {},
  OPTmynote =    {},
  OPTpmid =      15911771,
}
@Article{Bik06,
  author =       {E. M. Bik and P. B. Eckburg and S. R. Gill and K. E. Nelson and E. A. Purdom and F. Francois and G. Perez-Perez and M. J. Blaser and D. A. Relman},
  title =        {Molecular Analysis of the Bacterial Microbiota in the Human Stomach},
  journal =      {Proc Natl Acad Sci U S A.},
  year =         2006,
  volume =       103,
  pages =        {732--737},
  OPTfiled  =    {},
  OPTmynote =    {},
  OPTpmid =      16407106,
}
@Article{Eckburg05,
  author =       {P. B. Eckburg and E. M. Bik and C. N. Bernstein and E. Purdom and L. Dethlefsen and M. Sargent and S. R. Gill and K. E. Nelson and D. A. Relman},
  title =        {Diversity of the Human Intestinal Microbial Flora},
  journal =      {Science.},
  year =         2005,
  volume =       308,
  pages =        {1635--1638},
  OPTfiled  =    {},
  OPTmynote =    {},
  OPTpmid =      15831718,
}
@Article{Ley06a,
  author =       {R. E. Ley and P. J. Turnbaugh and S. Klein and J. I. Gordon},
  title =        {Microbial Ecology: Human gut Microbes Associated With Obesity},
  journal =      {Nature.},
  year =         2006,
  volume =       444,
  pages =        {1022--1023},
  OPTfiled  =    {},
  OPTmynote =    {},
  OPTpmid =      17183309,
}
@Article{Pei04,
  author =       {Z. Pei and E. J. Bini and L. Yang and M. Zhou and F. Francois and M. J. Blaser},
  title =        {Bacterial Biota in the Human Distal Esophagus},
  journal =      {Proc Natl Acad Sci U S A.},
  year =         2004,
  volume =       101,
  pages =        {4250--4255},
  OPTfiled  =    {},
  OPTmynote =    {},
  OPTpmid =      15016918,
}
@Article{Turnbaugh07,
  author =       {P. J. Turnbaugh and R. E. Ley and M. Hamady and C. M. Fraser-Liggett and R. Knight and J. I. Gordon},
  title =        {The Human Microbiome Project},
  journal =      {Nature.},
  year =         2007,
  volume =       449,
  pages =        {804--810},
  OPTfiled  =    {},
  OPTmynote =    {},
  OPTpmid =      17943116,
}
@Article{Frank08,
  author =       {D. N. Frank and N. R. Pace},
  title =        {Gastrointestinal Microbiology Enters the Metagenomics era},
  journal =      {Curr Opin Gastroenterol.},
  year =         2008,
  volume =       24,
  pages =        {4--10},
  OPTfiled  =    {},
  OPTmynote =    {},
  OPTpmid =      18043225,
}
@Article{Walker07,
  author =       {J. J. Walker and N. R. Pace},
  title =        {Phylogenetic Composition of Rocky Mountain Endolithic Microbial Ecosystems},
  journal =      {Appl Environ Microbiol.},
  year =         2007,
  volume =       73,
  pages =        {3497--3504},
  OPTfiled  =    {},
  OPTmynote =    {},
  OPTpmid =      17416689,
}
@Article{Wang07,
  author =       {Q. Wang and G. M. Garrity and J. M. Tiedje and J. R. Cole},
  title =        {Naive Bayesian Classifier for Rapid Assignment of {rRNA} Sequences Into the new Bacterial Taxonomy},
  journal =      {Appl Environ Microbiol.},
  year =         2007,
  volume =       73,
  pages =        {5261--5267},
  OPTfiled  =    {},
  OPTmynote =    {},
  OPTpmid =      17586664,
}
@Article{Nasidze09,
  author =       {I. Nasidze and D. Quinque and J. Li and M. Li and K. Tang and M. Stoneking},
  title =        {Comparative Analysis of Human Saliva Microbiome Diversity by Barcoded Pyrosequencing and Cloning Approaches},
  journal =      {Anal Biochem.},
  year =         2009,
  volume =       391,
  pages =        {64--68},
  OPTfiled  =    {},
  OPTmynote =    {},
  OPTpmid =      19406095,
}
%%%%%%%%%%%%%%%%%%%%%%%%%%%%%%%%%%%%%%%%%%%%%%
% Beginning of list of all 12 RDP refs.
@Article{Olsen91,
  author =       {G. J. Olsen and N. Larsen and C. R. Woese},
  title =        {The Ribosomal {RNA} Database Project},
  journal =      {Nucleic Acids Res.},
  year =         1991,
  volume =       19,
  pages =        {2017--2021},
  OPTfiled  =    {},
  OPTmynote =    {},
  OPTpmid =      2041798,
}
@Article{Olsen92,
  author =       {G. J. Olsen and R. Overbeek and N. Larsen and T. L. Marsh and M. J. McCaughey and M. A. Maciukenas and W. M. Kuan and T. J. Macke and Y. Xing and C. R. Woese},
  title =        {The Ribosomal Database Project},
  journal =      {Nucleic Acids Res.},
  year =         1992,
  volume =       20,
  pages =        {2199--2200},
  OPTfiled  =    {},
  OPTmynote =    {},
  OPTpmid =      1598241,
}
@Article{Larsen93b,
  author =       {N. Larsen and G. J. Olsen and B. L. Maidak and M. J. McCaughey and R. Overbeek and T. J. Macke and T. L. Marsh and C. R. Woese},
  title =        {The Ribosomal Database Project},
  journal =      {Nucleic Acids Res.},
  year =         1993,
  volume =       21,
  pages =        {3021--3023},
  OPTfiled  =    {},
  OPTmynote =    {},
  OPTpmid =      8332524,
}

@Article{Maidak94,
  author =       {B. L. Maidak and N. Larsen and M. J. McCaughey and R. Overbeek and G. J. Olsen and K. Fogel and J. Blandy and C. R. Woese},
  title =        {The Ribosomal Database Project},
  journal =      {Nucleic Acids Res.},
  year =         1994,
  volume =       22,
  pages =        {3485--3487},
  OPTfiled  =    {},
  OPTmynote =    {},
  OPTpmid =      7524021,
}
@Article{Maidak96,
  author =       {B. L. Maidak and G. J. Olsen and N. Larsen and R. Overbeek and M. J. McCaughey and C. R. Woese},
  title =        {The Ribosomal Database Project {(RDP)}},
  journal =      {Nucleic Acids Res.},
  year =         1996,
  volume =       24,
  pages =        {82--85},
  OPTfiled  =    {},
  OPTmynote =    {},
  OPTpmid =      8594608,
}
@Article{Maidak97,
  author =       {B. L. Maidak and G. J. Olsen and N. Larsen and R. Overbeek and M. J. McCaughey and C. R. Woese},
  title =        {The {RDP} (Ribosomal Database Project)},
  journal =      {Nucleic Acids Res.},
  year =         1997,
  volume =       25,
  pages =        {109--111},
}
% This entry exists in master.bib, I'm keeping it here so I have all 12 RDP refs in order
%Maidak99,
%  author =       {B. L. Maidak and J. R. Cole and  and G. M. Garrity and N. Larsen and B. Li and T. G. Lilburn and M. J. McCaughey and G. J. Olsen and R. Overbeek and S. Pramanik and T. M. Schmidt and J. M. Tiedje and C. R. Woese},
%  title =        {A new Version of the {RDP} (Ribosomal Database Project)},
%  journal =      {Nucleic Acids Res.},
%  year =         1999,
%  volume =       27,
%  pages =        {171--173},
%  OPTfiled  =    {},
%  OPTmynote =    {},
%  OPTpmid =      9847171,
%}
@Article{Maidak00,
  author =       {B. L. Maidak and J. R. Cole and T. G. Lilburn and  and P. R. Saxman and J. M. Stredwick and G. M. Garrity and B. Li and G. J. Olsen and S. Pramanik and T. M. Schmidt and J. M. Tiedje},
  title =        {The {RDP} (Ribosomal Database Project) Continues},
  journal =      {Nucleic Acids Res.},
  year =         2000,
  volume =       28,
  pages =        {173--174},
  OPTfiled  =    {},
  OPTmynote =    {},
  OPTpmid =      10592216,
}
@Article{Maidak01,
  author =       {B. L. Maidak and J. R. Cole and T. G. Lilburn and  and P. R. Saxman and R. J. Farris and G. M. Garrity and G. J. Olsen and T. M. Schmidt and J. M. Tiedje},
  title =        {The {RDP}-{II} (Ribosomal Database Project)},
  journal =      {Nucleic Acids Res.},
  year =         2001,
  volume =       29,
  pages =        {173--174},
  OPTfiled  =    {},
  OPTmynote =    {},
  OPTpmid =      11125082,
}
% This entry exists in master.bib, I'm keeping it here so I have all 12 RDP refs in order
%Cole03,
%  author =       {J. R. Cole and B. Chai and T. L. Marsh and R. J. Farris and Q. Wang and S. A. Kulam and S. Chandra and D. M. McGarrell and T. M. Schmidt and G. M. Garrity and },
%  title =        {The Ribosomal Database Project {(RDP}-{II):} Previewing a new Autoaligner That Allows Regular Updates and the new Prokaryotic Taxonomy},
%  journal =      {Nucleic Acids Res.},
%  year =         2003,
%  volume =       31,
%  pages =        {442--443},
%  OPTfiled  =    {},
%  OPTmynote =    {},
%  OPTpmid =      12520046,
%}
@Article{Cole05,
  author =       {J. R. Cole and B. Chai and R. J. Farris and Q. Wang and S. A. Kulam and D. M. McGarrell and G. M. Garrity and J. M. Tiedje},
  title =        {The Ribosomal Database Project {(RDP}-{II):} Sequences and Tools for High-Throughput {rRNA} Analysis},
  journal =      {Nucleic Acids Res.},
  year =         2005,
  volume =       33,
  pages =        {D294--D296},
  OPTfiled  =    {},
  OPTmynote =    {},
  OPTpmid =      15608200,
}
@Article{Cole07,
  author =       {J. R. Cole and B. Chai and R. J. Farris and Q. Wang and A. S. Kulam-Syed-Mohideen and D. M. McGarrell and A. M. Bandela and E. Cardenas and G. M. Garrity and J. M. Tiedje},
  title =        {The Ribosomal Database Project {(RDP}-{II):} Introducing {myRDP} Space and Quality Controlled Public Data},
  journal =      {Nucleic Acids Res.},
  year =         2007,
  volume =       35,
  pages =        {D169--D172},
  OPTfiled  =    {},
  OPTmynote =    {},
  OPTpmid =      17090583,
}
%This entry exists in master.bib, I'm keeping it here so I have all 12 RDP refs in order
%Cole09,
%  author = 	 {J. R. Cole and Q. Wang and E. Cardenas and J. Fish
%                  and B. Chai and R. J. Farris and
%                  A. S. Kulam-Syed-Mohideen and D. M. McGarrell and
%                  T. Marsh and G. M. Garrity and J. M. Tiedje},
%  title = 	 {The {R}ibosomal {D}atabase {P}roject: Improved Alignments
%                  and New Tools for {rRNA} Analysis},
%  journal = 	 NAR,
%  year = 	 2009,
%  volume = 	 37,
%  pages = 	 {D141-D145},
%  pmid = 	 19004872,
%
% End of list of all 12 RDP refs
%%%%%%%%%%%%%%%%%%%%%%%%%%%%%%%%%%%%%%%%%

@Article{Eisen07,
  author =       {J. A. Eisen},
  title =        {Environmental Shotgun Sequencing: its Potential and Challenges for Studying the Hidden World of Microbes},
  journal =      {PLoS Biol.},
  year =         2007,
  volume =       5,
  pages =        {e82},
  OPTfiled  =    {},
  OPTmynote =    {},
  OPTpmid =      17355177,
}

@Article{Meister04,
  author =       {G. Meister and T. Tuschl},
  title =        {Mechanisms of Gene Silencing by Double-Stranded {RNA}},
  journal =      {Nature.},
  year =         2004,
  volume =       431,
  pages =        {343--349},
  OPTfiled  =    {},
  OPTmynote =    {},
  OPTpmid =      15372041,
}

@Article{Elgin03,
  author =       {S. C. Elgin and S. I. Grewal},
  title =        {Heterochromatin: Silence is Golden},
  journal =      {Curr Biol.},
  year =         2003,
  volume =       13,
  pages =        {R895--R898},
  OPTfiled  =    {},
  OPTmynote =    {},
  OPTpmid =      14654010,
}

@Article{Lippman04,
  author =       {Z. Lippman and R. Martienssen},
  title =        {The Role of {RNA} Interference in Heterochromatic Silencing},
  journal =      {Nature.},
  year =         2004,
  volume =       431,
  pages =        {364--370},
  OPTfiled  =    {},
  OPTmynote =    {},
  OPTpmid =      15372044,
}

@Article{Doty59,
  author =       {P. Doty and H. Boedtker and J. R. Fresco and R. Haselkorn and M. Litt},
  title =        {Secondary Structure in Ribonucleic Acids},
  journal =      {Proc Natl Acad Sci U S A.},
  year =         1959,
  volume =       45,
  pages =        {482--499},
  OPTfiled  =    {},
  OPTmynote =    {},
  OPTpmid =      16590404,
}
@Article{Chen04,
  author =       {J. L. Chen and C. W. Greider},
  title =        {An emerging consensus for telomerase {RNA} structure},
  journal =      {Proc Natl Acad Sci U S A.},
  year =         2004,
  volume =       101,
  pages =        {14683--14684},
  OPTfiled  =    {},
  OPTmynote =    {},
  OPTpmid =      15466703,
}
@Article{Noller81b,
  author =       {H. F. Noller and J. Kop and V. Wheaton and J. Brosius and R. R. Gutell and A. M. Kopylov and F. Dohme and W. Herr and D. A. Stahl and R. Gupta and C. R. Waese},
  title =        {Secondary Structure Model for 23{S} Ribosomal {RNA}},
  journal =      {Nucleic Acids Res.},
  year =         1981,
  volume =       9,
  pages =        {6167--6189},
  OPTfiled  =    {},
  OPTmynote =    {},
  OPTpmid =      7031608,
}
@Article{James88,
  author =       {B. D. James and G. J. Olsen and J. S. Liu and N. R. Pace},
  title =        {The Secondary Structure of Ribonuclease {P} {RNA,} the Catalytic Element of a Ribonucleoprotein Enzyme},
  journal =      {Cell.},
  year =         1988,
  volume =       52,
  pages =        {19--26},
  OPTfiled  =    {},
  OPTmynote =    {},
  OPTpmid =      2449969,
}
@Article{Chen00,
  author =       {J. L. Chen and M. A. Blasco and C. W. Greider},
  title =        {Secondary Structure of Vertebrate Telomerase {RNA}},
  journal =      {Cell.},
  year =         2000,
  volume =       100,
  pages =        {503--514},
  OPTfiled  =    {},
  OPTmynote =    {},
  OPTpmid =      10721988,
}
@Article{Burgin90,
  author =       {A. B. Burgin and N. R. Pace},
  title =        {Mapping the Active Site of Ribonuclease {P} {RNA} Using a Substrate Containing a Photoaffinity Agent},
  journal =      {EMBO J.},
  year =         1990,
  volume =       9,
  pages =        {4111--4118},
  OPTfiled  =    {},
  OPTmynote =    {},
  OPTpmid =      1701142,
}
@Article{Forster87b,
  author =       {A. C. Forster and R. H. Symons},
  title =        {Self-Cleavage of Virusoid {RNA} is Performed by the Proposed 55-Nucleotide Active Site},
  journal =      {Cell.},
  year =         1987,
  volume =       50,
  pages =        {9--16},
  OPTfiled  =    {},
  OPTmynote =    {},
  OPTpmid =      3594567,
}
@Article{Forster87,
  author =       {A. C. Forster and R. H. Symons},
  title =        {Self-Cleavage of Plus and Minus {RNAs} of a Virusoid and a Structural Model for the Active Sites},
  journal =      {Cell.},
  year =         1987,
  volume =       49,
  pages =        {211--220},
  OPTfiled  =    {},
  OPTmynote =    {},
  OPTpmid =      2436805,
}
@Article{Stormo00,
  author =       {G. D. Stormo},
  title =        {{DNA} Binding Sites: Representation and Discovery},
  journal =      {Bioinformatics.},
  year =         2000,
  volume =       16,
  pages =        {16--23},
  OPTfiled  =    {},
  OPTmynote =    {},
  OPTpmid =      10812473,
}
@Article{Suchard06,
  author =       {M. A. Suchard and B. D. Redelings},
  title =        {{BAli}-Phy: Simultaneous Bayesian Inference of Alignment and Phylogeny},
  journal =      {Bioinformatics.},
  year =         2006,
  volume =       22,
  pages =        {2047--2048},
  OPTfiled  =    {},
  OPTmynote =    {},
  OPTpmid =      16679334,
}
@Article{Doolittle97,
  author =       {R. F. Doolittle},
  title =        {Some Reflections on the Early Days of Sequence Searching},
  journal =      {J Mol Med.},
  year =         1997,
  volume =       75,
  pages =        {239--241},
  OPTfiled  =    {},
  OPTmynote =    {},
  OPTpmid =      11449724,
}
@Article{Brent05,
  author =       {M. R. Brent},
  title =        {Genome Annotation Past, Present, and Future: how to Define an {ORF} at Each Locus},
  journal =      {Genome Res.},
  year =         2005,
  volume =       15,
  pages =        {1777--1786},
  OPTfiled  =    {},
  OPTmynote =    {},
  OPTpmid =      16339376,
}
@Book{Friend07,
  author =	 {T. Friend},
  title = 	 {The Third Domain: The Untold Story of Archaea and the Future of Biotechnology},
  publisher = 	 {Joseph Henry Press},
  year = 	 2007,
  address =	 {Washington, DC},
  mynote =	 {ISBN 0309102375}
}
@Article{Fleissner05,
  author =       {R. Fleissner and D. Metzler and A. von Haeseler},
  title =        {Simultaneous Statistical Multiple Alignment and Phylogeny Reconstruction},
  journal =      {Syst Biol.},
  year =         2005,
  volume =       54,
  pages =        {548--561},
  OPTfiled  =    {},
  OPTmynote =    {},
  OPTpmid =      16085574,
}
@Article{Baker03,
  author =       {G. C. Baker and J. J. Smith and D. A. Cowan},
  title =        {Review and re-Analysis of Domain-Specific 16{S} Primers},
  journal =      {J Microbiol Methods.},
  year =         2003,
  volume =       55,
  pages =        {541--555},
  OPTfiled  =    {},
  OPTmynote =    {},
  OPTpmid =      14607398,
}
@Article{Mathews99b,
  author =       {D. H. Mathews and J. Sabina and M. Zuker and D. H. Turner},
  title =        {Expanded sequence dependence of thermodynamic parameters improves prediction of {RNA} secondary structure},
  journal =      {J Mol Biol.},
  year =         1999,
  volume =       288,
  pages =        {911--940},
}
@Article{Feng87,
  author =       {D. F. Feng and R. F. Doolittle},
  title =        {Progressive sequence alignment as a prerequisite to correct phylogenetic trees},
  journal =      {J Mol Evol.},
  year =         1987,
  volume =       25,
  pages =        {351--360},
}
@InCollection{Sankoff83b,
  author = 	{D. Sankoff and R. J. Cedergren},
  title = 	{Simultaneous comparison of three or more sequences related by a tree},
  booktitle = 	{Time warps, string edits, and macromolecules: The theory and practice of sequence comparison},
  publisher = 	{Addison Wesley},
  year = 	1983,
  editor = 	{David Sankoff and Joseph B. Kruskal},
  chapter = 	{9},
  pages = 	{253--264}
}
@Book{Woese68,
  author =	 {C. R. Woese},
  title = 	 {The Genetic Code: The Molecular Basis for Genetic Expression},
  publisher = 	 {Harpers Collins Publishers Inc.},
  year = 	 1968,
  address =	 {New York},
  mynote =	 {ISBN 9780060471767}
}
@Article{Delihas01,
  author =       {N. Delihas and S. Forst},
  title =        {{MicF:} an Antisense {RNA} Gene Involved in Response of \emph{{E}scherichia Coli} to Global Stress Factors},
  journal =      {J Mol Biol.},
  year =         2001,
  volume =       313,
  pages =        {1--12},
  OPTfiled  =    {},
  OPTmynote =    {},
  OPTpmid =      11601842,
}
@Article{Harris01,
  author =       {J. K. Harris and E. S. Haas and D. Williams and D. N. Frank and J. W. Brown},
  title =        {New Insight Into {RNase} P {RNA} Structure From Comparative Analysis of the Archaeal {RNA}},
  journal =      {RNA.},
  year =         2001,
  volume =       7,
  pages =        {220--232},
  OPTfiled  =    {},
  OPTmynote =    {},
  OPTpmid =      11233979,
}
@Article{Majdalani98,
  author =       {N. Majdalani and C. Cunning and D. Sledjeski and T. Elliott and S. Gottesman},
  title =        {{DsrA} {RNA} Regulates Translation of {RpoS} Message by an Anti-Antisense Mechanism, Independent of its Action as an Antisilencer of Transcription},
  journal =      {Proc Natl Acad Sci U S A.},
  year =         1998,
  volume =       95,
  pages =        {12462--12467},
  OPTfiled  =    {},
  OPTmynote =    {},
  OPTpmid =      9770508,
}
@Article{Powers91,
  author =       {T. Powers and H. F. Noller},
  title =        {A Functional Pseudoknot in 16{S} Ribosomal {RNA}},
  journal =      {EMBO J.},
  year =         1991,
  volume =       10,
  pages =        {2203--2214},
  OPTfiled  =    {},
  OPTmynote =    {},
  OPTpmid =      1712293,
}
@Article{Woese89,
  author =       {C. R. Woese and R. R. Gutell},
  title =        {Evidence for Several Higher Order Structural Elements in Ribosomal {RNA}},
  journal =      {Proc Natl Acad Sci U S A.},
  year =         1989,
  volume =       86,
  pages =        {3119--3122},
  OPTfiled  =    {},
  OPTmynote =    {},
  OPTpmid =      2654936,
}
@Article{Stefani08,
  author =       {G. Stefani and F. J. Slack},
  title =        {Small non-Coding {RNAs} in Animal Development},
  journal =      {Nat Rev Mol Cell Biol.},
  year =         2008,
  volume =       9,
  pages =        {219--230},
  OPTfiled  =    {},
  OPTmynote =    {},
  OPTpmid =      18270516,
}
@Article{Costa07,
  author =       {F. F. Costa},
  title =        {Non-Coding {RNAs:} Lost in Translation?},
  journal =      {Gene.},
  year =         2007,
  volume =       386,
  pages =        {1--10},
  OPTfiled  =    {},
  OPTmynote =    {},
  OPTpmid =      17113247,
}
@Article{Hentze96,
  author =       {M. W. Hentze and L. C. Kühn},
  title =        {Molecular Control of Vertebrate Iron Metabolism: {mRNA}-Based Regulatory Circuits Operated by Iron, Nitric Oxide, and Oxidative Stress},
  journal =      {Proc Natl Acad Sci U S A.},
  year =         1996,
  volume =       93,
  pages =        {8175--8182},
  OPTfiled  =    {},
  OPTmynote =    {},
  OPTpmid =      8710843,
}
@Article{Chen97,
  author =       {J. L. Chen and N. R. Pace},
  title =        {Identification of the Universally Conserved Core of Ribonuclease {P} {RNA}},
  journal =      {RNA.},
  year =         1997,
  volume =       3,
  pages =        {557--560},
  OPTfiled  =    {},
  OPTmynote =    {},
  OPTpmid =      9174091,
}
@Article{Lindahl00,
  author =       {E. Lindahl and A. Elofsson},
  title =        {Identification of Related Proteins on Family, Superfamily and Fold Level},
  journal =      {J Mol Biol.},
  year =         2000,
  volume =       295,
  pages =        {613--625},
  OPTfiled  =    {},
  OPTmynote =    {},
}
@Article{Holmes01,
  author =       {I. Holmes and W. J. Bruno},
  title =        {Evolutionary {HMMs:} a Bayesian Approach to Multiple Alignment},
  journal =      {Bioinformatics.},
  year =         2001,
  volume =       17,
  pages =        {803--820},
  OPTfiled  =    {},
  OPTmynote =    {},
  OPTpmid =      11590097,
}
@InProceedings{Sun08,
  author = 	 "Y. Sun and J. Buhler",
  title = 	 "Designing secondary structure profiles for fast nc{RNA} identification",
  booktitle =	 {Proc. Computational Systems Bioinformatics},
  volume =       7,
  year =	 2008,
  pages =        {145--156},
}
@Article{Andronescu08,
  author =       {M. Andronescu and V. Bereg and H. H. Hoos and A. Condon},
  title =        {{RNA} {STRAND:} the {RNA} Secondary Structure and Statistical Analysis Database},
  journal =      {BMC Bioinformatics.},
  year =         2008,
  volume =       9,
  pages =        {340},
  OPTfiled  =    {},
  OPTmynote =    {},
  OPTpmid =      18700982,
}
@InProceedings{NeymanPearson33,
  author = 	 "J. Neyman and E. S. Pearson",
  title = 	 "On the problem of the most efficient tests of statistical hypotheses",
  booktitle =	 {Philosophical Transactions of Royal Society of London. Series A, Containing Papers of a Mathematical or Physical Character},
  volume =       231,
  year =	 1933,
  pages =        {289--337},
  reprinturl =   {http://www.jstor.org/stable/91247}
}
@Article{Wang09,
  author =       {Y. Wang and Z. Huang and Y. Wu and R. L. Malmberg and L. Cai},
  title =        {{RNATOPS}-W: a web Server for {RNA} Structure Searches of Genomes},
  journal =      {Bioinformatics.},
  year =         2009,
  volume =       25,
  pages =        {1080--1081},
  OPTfiled  =    {},
  OPTmynote =    {},
  OPTpmid =      19269988,
}
@Article{Liu05,
  author =       {J. Liu and J. T. Wang and J. Hu and B. Tian},
  title =        {A Method for Aligning {RNA} Secondary Structures and its Application to {RNA} Motif Detection},
  journal =      {BMC Bioinformatics.},
  year =         2005,
  volume =       6,
  pages =        {89},
  OPTfiled  =    {},
  OPTmynote =    {},
  OPTpmid =      15817128,
}
@Article{Reeder07,
  author =       {J. Reeder and J. Reeder and R. Giegerich},
  title =        {Locomotif: From Graphical Motif Description to {RNA} Motif Search},
  journal =      {Bioinformatics.},
  year =         2007,
  volume =       23,
  pages =        {i392--i400},
  OPTfiled  =    {},
  OPTmynote =    {},
  OPTpmid =      17646322,
}
@Article{Pesole03,
  author =       {G. Grillo and F. Licciulli and S. Liuni and E. Sbisà and G. Pesole},
  title =        {{PatSearch:} A Program for the Detection of Patterns and Structural Motifs in Nucleotide Sequences},
  journal =      {Nucleic Acids Res.},
  year =         2003,
  volume =       31,
  pages =        {3608--3612},
  OPTfiled  =    {},
  OPTmynote =    {},
  OPTpmid =      12824377,
}
@misc{rnabob,
  author =       {S. R. Eddy},
  year =         2005,
  title =        {RNABOB - Fast Pattern Searching for {RNA} Secondary Structures},
  howpublished=  {[ftp://selab.janelia.org/pub/software/rnabob/]}
}
@misc{cove,
  author =       {S. R. Eddy},
  year =         1996,
  title =        {COVE - Fast Pattern Searching for {RNA} Secondary Structures},
  howpublished=  {[ftp://selab.janelia.org/pub/software/cove/]}
}
@Article{Liolis08,
  author =       {K. Liolios and K. Mavromatis and N. Tavernarakis and N. C. Kyrpides},
  title =        {The Genomes On Line Database {(GOLD)} in 2007: Status of Genomic and Metagenomic Projects and Their Associated Metadata},
  journal =      {Nucleic Acids Res.},
  year =         2008,
  volume =       36,
  pages =        {D475--D479},
  OPTfiled  =    {},
  OPTmynote =    {},
  OPTpmid =      17981842,
}
@Article{Hugenholtz02,
  author =       {P. Hugenholtz},
  title =        {Exploring Prokaryotic Diversity in the Genomic era},
  journal =      {Genome Biol.},
  year =         2002,
  volume =       3,
  pages =        {1--8},
  OPTfiled  =    {},
  OPTmynote =    {},
  OPTpmid =      11864374,
}
@Article{Stoeck03,
  author =       {T. Stoeck and S. Epstein},
  title =        {Novel Eukaryotic Lineages Inferred From Small-Subunit {rRNA} Analyses of Oxygen-Depleted Marine Environments},
  journal =      {Appl Environ Microbiol.},
  year =         2003,
  volume =       69,
  pages =        {2657--2663},
  OPTfiled  =    {},
  OPTmynote =    {},
  OPTpmid =      12732534,
}
@Article{Furlong02,
  author =       {M. A. Furlong and D. R. Singleton and D. C. Coleman and W. B. Whitman},
  title =        {Molecular and Culture-Based Analyses of Prokaryotic Communities From an Agricultural Soil and the Burrows and Casts of the Earthworm \emph{{L}umbricus rubellus}},
  journal =      {Appl Environ Microbiol.},
  year =         2002,
  volume =       68,
  pages =        {1265--1279},
  OPTfiled  =    {},
  OPTmynote =    {},
  OPTpmid =      11872477,
}
@Article{Woese77,
  author =       {C. R. Woese and G. E. Fox},
  title =        {Phylogenetic Structure of the Prokaryotic Domain: the Primary Kingdoms},
  journal =      {Proc Natl Acad Sci U S A.},
  year =         1977,
  volume =       74,
  pages =        {5088--5090},
  OPTfiled  =    {},
  OPTmynote =    {},
  OPTpmid =      270744,
}
@Article{Staley85,
  author =       {J. T. Staley and A. Konopka},
  title =        {Measurement of in Situ Activities of Nonphotosynthetic Microorganisms in Aquatic and Terrestrial Habitats},
  journal =      {Annu Rev Microbiol.},
  year =         1985,
  volume =       39,
  pages =        {321--346},
  OPTfiled  =    {},
  OPTmynote =    {},
  OPTpmid =      3904603,
}
@Article{Pace85,
  author =       {N. R. Pace and D. A. Stahl and D. J. Lane and G. J. Olsen},
  title =        {Analyzing natural microbial populations by {rRNA} sequences},
  journal =      {ASM News},
  year =         1985,
  volume =       51,
  pages =        {4--12},
}
@Article{DeLong01,
  author =       {E. F. DeLong and N. R. Pace},
  title =        {Environmental Diversity of Bacteria and Archaea},
  journal =      {Syst Biol.},
  year =         2001,
  volume =       50,
  pages =        {470--478},
  OPTfiled  =    {},
  OPTmynote =    {},
  OPTpmid =      12116647,
}
@Article{Robertson05,
  author =       {C. E. Robertson and J. K. Harris and J. R. Spear and N. R. Pace},
  title =        {Phylogenetic Diversity and Ecology of Environmental Archaea},
  journal =      {Curr Opin Microbiol.},
  year =         2005,
  volume =       0,
  pages =        {0--0},
  OPTfiled  =    {},
  OPTmynote =    {},
  OPTpmid =      16236543,
}
@Article{Ludwig04,
  author =       {W. Ludwig and O. Strunk and R. Westram and L. Richter and H. Meier and  and A. Buchner and T. Lai and S. Steppi and G. Jobb and W. Forster and I. Brettske and S. Gerber and A. W. Ginhart and O. Gross and S. Grumann and S. Hermann and R. Jost and A. Konig and T. Liss and R. Lussmann and M. May and B. Nonhoff and B. Reichel and R. Strehlow and A. Stamatakis and N. Stuckmann and A. Vilbig and M. Lenke and T. Ludwig and A. Bode and K. H. Schleifer},
  title =        {{ARB:} a Software Environment for Sequence Data},
  journal =      {Nucleic Acids Res.},
  year =         2004,
  volume =       32,
  pages =        {1363--1371},
  OPTfiled  =    {},
  OPTmynote =    {},
  OPTpmid =      14985472,
}
@Article{DeSantis03,
  author =       {T. Z. DeSantis and I. Dubosarskiy and S. R. Murray and G. L. Andersen},
  title =        {Comprehensive Aligned Sequence Construction for Automated Design of Effective Probes {(CASCADE}-P) Using 16{S} {rDNA}},
  journal =      {Bioinformatics.},
  year =         2003,
  volume =       19,
  pages =        {1461--1468},
  OPTfiled  =    {},
  OPTmynote =    {},
  OPTpmid =      12912825,
}
@Article{DeSantis06,
  author =       {T. Z. DeSantis and P. Hugenholtz and K. Keller and E. L. Brodie and N. Larsen and Y. M. Piceno and R. Phan and G. L. Andersen},
  title =        {{NAST}: A Multiple Sequence Alignment Server for Comparative Analysis of 16{S} r{RNA} Genes},
  journal =      {Nucleic Acid Res.},
  year =         2006,
  volume =       34,
  pages =        {W394--399},
  OPTfiled  =    {},
  OPTmynote =    {},
  OPTpmid =      12912825,
}
@Article{Woese04,
  author =       {C. R. Woese},
  title =        {The Archaeal Concept and the World it Lives in: A Retrospective},
  journal =      {Photosynth Res.},
  year =         2004,
  volume =       80,
  pages =        {361--372},
  OPTfiled  =    {},
  OPTmynote =    {},
  OPTpmid =      16328833,
}
@Article{Sanger65,
  author =       {F. Sanger and G. G. Brownlee and B. G. Barrell},
  title =        {A two-Dimensional Fractionation Procedure for Radioactive Nucleotides},
  journal =      {J Mol Biol.},
  year =         1965,
  volume =       13,
  pages =        {373--398},
  OPTfiled  =    {},
  OPTmynote =    {},
  OPTpmid =      5325727,
}
@Article{Harris04,
  author =       {J. K. Harris, S. T. Kelley, and N. R. Pace},
  title =        {New Perspective on Uncultured Bacterial Phylogenetic Division OP11},
  journal =      {Appl Environ Microbiol.},
  year =         2004,
  volume =       70,
  pages =        {845--849},
  OPTfiled  =    {},
  OPTmynote =    {},
  OPTpmid =      14766563,
}
@Article{Rappe03,
  author =       {M. S. Rappe and S. J. Giovannoni},
  title =        {The Uncultured Microbial Majority},
  journal =      {Annu Rev Microbiol.},
  year =         2003,
  volume =       57,
  pages =        {369--394},
  OPTfiled  =    {},
  OPTmynote =    {},
  OPTpmid =      14527284,
}
@Article{Wuyts04,
  author =       {J. Wuyts and G. Perriere and Y. Van De Peer},
  title =        {The European Ribosomal {RNA} Database},
  journal =      {Nucleic Acids Res.},
  year =         2004,
  volume =       32,
  pages =        {101--103},
  OPTfiled  =    {},
  OPTmynote =    {},
  OPTpmid =      14681368,
}
@Article{Ley05,
  author =       {R. E. Ley and F. Backhed and P. Turnbaugh and C. A. Lozupone and R. D. Knight and J. I. Gordon},
  title =        {Obesity Alters gut Microbial Ecology},
  journal =      {Proc Natl Acad Sci U S A.},
  year =         2005,
  volume =       102,
  pages =        {11070--11075},
  OPTfiled  =    {},
  OPTmynote =    {},
  OPTpmid =      16033867,
}
@Article{Kim05,
  author =       {B. S. Kim and H. M. Oh and H. Kang and J. Chun},
  title =        {Archaeal Diversity in Tidal Flat Sediment as Revealed by 16{S} {rDNA} Analysis},
  journal =      {J Microbiol.},
  year =         2005,
  volume =       43,
  pages =        {144--151},
  OPTfiled  =    {},
  OPTmynote =    {},
  OPTpmid =      15880089,
}
@Article{Walker05,
  author =       {J. J. Walker and J. R. Spear and N. R. Pace},
  title =        {Geobiology of a Microbial Endolithic Community in the Yellowstone Geothermal Environment},
  journal =      {Nature.},
  year =         2005,
  volume =       434,
  pages =        {1011--1014},
  OPTfiled  =    {},
  OPTmynote =    {},
  OPTpmid =      15846344,
}
@Article{Edgcomb02,
  author =       {V. P. Edgcomb and D. T. Kysela and A. Teske and A. de Vera Gomez and M. L. Sogin},
  title =        {Benthic Eukaryotic Diversity in the Guaymas Basin Hydrothermal Vent Environment},
  journal =      {Proc Natl Acad Sci U S A.},
  year =         2002,
  volume =       99,
  pages =        {7658--7662},
  OPTfiled  =    {},
  OPTmynote =    {},
  OPTpmid =      12032339,
}
@Article{Pearson91,
  author =       {W. R. Pearson},
  title =        {Searching Protein Sequence Libraries: Comparison of the Sensitivity and Selectivity of the Smith-Waterman and {FASTA} Algorithms},
  journal =      {Genomics.},
  year =         1991,
  volume =       11,
  pages =        {635--650},
  OPTfiled  =    {},
  OPTmynote =    {},
  OPTpmid =      1774068,
}
@Article{Robertson09,
  author =       {C. E. Robertson and J. R. Spear and J. K. Harris and N. R. Pace},
  title =        {Diversity and Stratification of Archaea in a Hypersaline Microbial mat},
  journal =      {Appl Environ Microbiol.},
  year =         2009,
  volume =       75,
  pages =        {1801--1810},
  OPTfiled  =    {},
  OPTmynote =    {},
  OPTpmid =      19114531,
}
@Article{Claesson09,
  author =       {M. J. Claesson and O. O'Sullivan and Q. Wang and J. Nikkilä and J. R. Marchesi and H. Smidt and W. M. de Vos and R. P. Ross and P. W. O'Toole},
  title =        {Comparative Analysis of Pyrosequencing and a Phylogenetic Microarray for Exploring Microbial Community Structures in the Human Distal Intestine},
  journal =      {PLoS One.},
  year =         2009,
  volume =       4,
  pages =        {e6669},
  OPTfiled  =    {},
  OPTmynote =    {},
  OPTpmid =      19693277,
}
