@Article{Brown00,
  author = 	 {M. P. Brown},
  title = 	 {Small Subunit Ribosomal {RNA} Modeling Using
                  Stochastic Context-Free Grammars},
  journal = 	 {Proc. Int. Conf. Intell. Syst. Mol. Biol.},
  year = 	 2000,
  volume =	 8,
  pages =	 {57-66},
  filed =	 {Haussler},
  pmid =	 10977066
}
@Article{CannoneGutell02,
  author =       {J. J. Cannone and S. Subramanian and M. N. Schnare
                  and J. R. Collett and L. M. D'Souza and Y. Du and
                  B. Feng and N. Lin and L. V. Madabusi and
                  K. M. M\"{u}ller and N. Pande and Z. Shang and N. Yu
                  and R. R. Gutell},
  title =        {The {C}omparative {RNA} {W}eb {(CRW)} {S}ite: an Online
                  Database of Comparative Sequence and Structure
                  Information for Ribosomal, Intron, and Other {RNAs}},
  journal =      {BMC Bioinformatics},
  year =         2002,
  volume =       3,
  pages =        2,
  pmid =         11869452,
}
@Article{Caporaso10,
  author =       {J. G. Caporaso and K. Bittinger and F. D. Bushman and T. Z. DeSantis and G. L. Andersen and R. Knight},
  title =        {{PyNAST:} a Flexible Tool for Aligning Sequences to a Template Alignment},
  journal =      {Bioinformatics},
  year =         2010,
  volume =       26,
  pages =        {266--267},
  OPTfiled  =    {},
  OPTmynote =    {},
  OPTpmid =      19914921,
}
@Article{Claesson09,
  author =       {M. J. Claesson and O. O'Sullivan and Q. Wang and J. Nikkil√§ and J. R. Marchesi and H. Smidt and W. M. de Vos and R. P. Ross and P. W. O'Toole},
  title =        {Comparative Analysis of Pyrosequencing and a Phylogenetic Microarray for Exploring Microbial Community Structures in the Human Distal Intestine},
  journal =      {PLoS One.},
  year =         2009,
  volume =       4,
  pages =        {e6669},
  OPTfiled  =    {},
  OPTmynote =    {},
  OPTpmid =      19693277,
}
@Article{Cole09,
  author = 	 {J. R. Cole and Q. Wang and E. Cardenas and J. Fish
                  and B. Chai and R. J. Farris and
                  A. S. Kulam-Syed-Mohideen and D. M. McGarrell and
                  T. Marsh and G. M. Garrity and J. M. Tiedje},
  title = 	 {The {R}ibosomal {D}atabase {P}roject: Improved Alignments
                  and New Tools for {rRNA} Analysis},
  journal = 	 {Nucleic Acids Res.},
  year = 	 2009,
  volume = 	 37,
  pages = 	 {D141-D145},
  pmid = 	 19004872,
}
@Article{DeSantis06,
  author =       {T. Z. DeSantis and P. Hugenholtz and K. Keller and E. L. Brodie and N. Larsen and Y. M. Piceno and R. Phan and G. L. Andersen},
  title =        {{NAST}: A Multiple Sequence Alignment Server for Comparative Analysis of 16{S} r{RNA} Genes},
  journal =      {Nucleic Acid Res.},
  year =         2006,
  volume =       34,
  pages =        {W394--399},
  OPTfiled  =    {},
  OPTmynote =    {},
  OPTpmid =      12912825,
}
@Article{DeSantis06a,
  author =       {T. Z. DeSantis and P. Hugenholtz and N. Larsen and M. Rojas and E. L. Brodie and K. Keller and T. Huber and D. Dalevi and P. Hu and G. L. Andersen},
  title =        {Greengenes, a Chimera-Checked 16{S} {rRNA} Gene Database and Workbench Compatible With {ARB}},
  journal =      {Appl Environ Microbiol.},
  year =         2006,
  volume =       72,
  pages =        {5069--5072},
  OPTfiled  =    {},
  OPTmynote =    {},
  OPTpmid =      16820507,
}
@Book{Durbin98,
  author = 	 {R. Durbin and S. R. Eddy and A. Krogh and G. J. Mitchison},
  title = 	 {Biological Sequence Analysis: Probabilistic Models
                  of Proteins and Nucleic Acids},
  publisher = 	 {Cambridge University Press},
  address =      {Cambridge UK},
  year = 	 1998,
  isbn =         0521629713, 
  website =      {http://selab.janelia.org/cupbook.html},
}
@Article{Eddy02b,
  author = 	 {S. R. Eddy},
  title = 	 {A Memory-Efficient Dynamic Programming Algorithm for
                  Optimal Alignment of a Sequence to an {RNA}
                  Secondary Structure},
  journal = 	 {BMC Bioinformatics},
  year = 	 2002,
  volume =	 3,
  pages =	 18,
  pmid =	 12095421,
  reprinturl =   {http://www.biomedcentral.com/1471-2105/3/18/},
}
@Article{Eddy94,
  author = 	 "S. R. Eddy and R. Durbin",
  title = 	 "{RNA} Sequence Analysis Using Covariance Models",
  journal = 	 {Nucleic Acids Res.},
  year = 	 1994,
  volume = 	 22,
  pages = 	 "2079--2088",
  pmid =         8029015, 
  preprinturl=   "http://www.pubmedcentral.nih.gov/articlerender.fcgi?tool=pubmed&pubmedid=8029015",
}
@Article{Finn10,
  author = 	 {R. D. Finn and J. Mistry and J. Tate and P. Coggill
                  and A. Heger and J. E. Pollington and O. L. Gavin
                  and G. Ceric and K. Forslund and L. Holm and
                  E. L. L. Sonnhammer and S. R. Eddy and A. Bateman},
  title = 	 {The {P}fam Protein Families Database},
  journal =      {Nucleic Acids Res.},
  year =         2010,
  volume =       38,
  pages =        {D211--D222},
  pmid =      19920124,
  reprinturl =   {http://nar.oxfordjournals.org/cgi/content/full/38/suppl_1/D211},      
}
@Article{Gardner09,
  author = 	 {P. P. Gardner and J. Daub and J. G. Tate and
                  E. P. Nawrocki and D. L. Kolbe and S. Lindgreen and
                  A. C. Wilkinson and R. D. Finn and
                  S. Griffiths-Jones and S. R. Eddy and A. Bateman},
  title = 	 {Rfam: Updates to the {RNA} Families Database},
  journal = 	 {Nucleic Acids Res.},
  year = 	 2009,
  volume = 	 37,
  pages = 	 {D136--D140},
  pmid = 	 18953034
}
@Article{Griffiths-Jones03,
  author =       {S. Griffiths-Jones and A. Bateman and M. Marshall
                  and A. Khanna and S. R. Eddy},
  title =        {Rfam: an {RNA} Family Database},
  journal =      {Nucleic Acids Res.},
  year =         2003,
  volume =       31,
  pages =        {439--441},
  pmid =	 12520045,
  reprinturl =   {http://nar.oupjournals.org/cgi/content/full/31/1/439},
}

@Article{Griffiths-Jones05,
  author = 	 {S. Griffiths-Jones and S. Moxon and M. Marshall and
                  A. Khanna and S. R. Eddy and A. Bateman},
  title = 	 {Rfam: Annotating Non-Coding {RNAs} in Complete
                  Genomes},
  journal = 	 {Nucleic Acids Res.},
  year = 	 2005,
  volume =	 33,
  pages =	 {D121-D141},
  pmid =	 15608160,
  reprinturl =   {http://nar.oupjournals.org/cgi/content/full/33/suppl_1/D121},
}
@PhdThesis{Holmes98,
  author = 	 {I. Holmes},
  title = 	 {Studies in Probabilistic Sequence Alignment and Evolution},
  school = 	 {University of Cambridge},
  year = 	 1998
}
@Article{KolbeEddy09,
  author = 	 {D. L. Kolbe and S. R. Eddy},
  title = 	 {Local {RNA} Structure Alignment With Incomplete Sequence},
  journal = 	 {Bioinformatics},
  year =         2009,                  
  volume = 	 25,
  pages = 	 {1236--1243},
  pmid = 	 19304875,
  reprinturl =   {http://bioinformatics.oxfordjournals.org/cgi/content/abstract/btp154v1},
}
@PhdThesis{Nawrocki09b,
  author = 	 {E. P. Nawrocki},
  title = 	 {Structural {RNA} Homology Search and Alignment Using Covariance Models},
  school = 	 {Washington University School of Medicine},
  year = 	 2009}
@Article{NawrockiEddy07,
  author = 	 {E. P. Nawrocki and S. R. Eddy},
  title = 	 {Query-Dependent Banding ({QDB}) for Faster {RNA} Similarity Searches},
  journal = 	 {PLoS Comput. Biol.},
  year = 	 2007,
  volume =	 3,
  pages =	 {e56},
  pmid =	 17397253,
  reprinturl =   {http://compbiol.plosjournals.org/perlserv/?request=get-document&doi=10.1371/journal.pcbi.0030056},
}
@Article{Nawrocki09,
  author = 	 {E. P. Nawrocki and D. L. Kolbe and S. R. Eddy},
  title = 	 {Infernal 1.0: Inference of {RNA} Alignments},
  journal = 	 {Bioinformatics},
  year = 	 2009,
  volume = 	 25,
  pages = 	 {1335-1337},
  pmid = 	 19307242, 
  reprinturl =   {http://bioinformatics.oxfordjournals.org/cgi/content/abstract/btp157v1},
}
@misc{infernalguide,
  author =       {E. P. Nawrocki and D. L. Kolbe and S. R. Eddy},
  title =        {The {I}nfernal User's Guide},
  howpublished=  {[http://infernal.janelia.org/]},
  year=          {2009}
}
@Article{Noller81,
  author = 	 "Harry F. Noller and Carl R. Woese",
  title = 	 "Secondary Structure of {16S} Ribosomal {RNA}",
  journal = 	 "Science",
  year = 	 1981,
  volume = 	 212,
  pages = 	 "403-411"
}
@Article{Pruesse07,
  author =       {E. Pruesse and C. Quast and K. Knittel and B. M. Fuchs and W. Ludwig and J. Peplies and F. \"{O}. Glockner},
  title =        {{SILVA:} a Comprehensive Online Resource for Quality Checked and Aligned Ribosomal {RNA} Sequence Data Compatible With {ARB}},
  journal =      {Nucleic Acids Res.},
  year =         2007,
  volume =       35,
  pages =        {7188--7196},
  OPTfiled  =    {},
  OPTmynote =    {},
  OPTpmid =      17947321,
}
@Article{Schloss09,
  author =       {P. D. Schloss},
  title =        {A High-Throughput {DNA} Sequence Aligner for Microbial Ecology Studies},
  journal =      {PLoS One},
  year =         2009,
  volume =       4,
  pages =        {e8230},
  OPTfiled  =    {},
  OPTmynote =    {},
  OPTpmid =      20011594,
}
@Article{Smit08,
  author =       {S. Smit and K. Rother and J. Heringa and R. Knight},
  title =        {From Knotted to Nested {RNA} Structures: a Variety
                  of Computational Methods for Pseudoknot Removal},
  journal =      {RNA},
  year =         2008,
  volume =       14,
  pages =        {410--416},
  pmid =      18230758,
}
@Article{Wang07,
  author =       {Q. Wang and G. M. Garrity and J. M. Tiedje and J. R. Cole},
  title =        {Naive Bayesian Classifier for Rapid Assignment of {rRNA} Sequences Into the new Bacterial Taxonomy},
  journal =      {Appl Environ Microbiol.},
  year =         2007,
  volume =       73,
  pages =        {5261--5267},
  OPTfiled  =    {},
  OPTmynote =    {},
  OPTpmid =      17586664,
}
@Article{Wimberly00,
  author =       {B. T. Wimberly and D. E. Brodersen and  and R. J. Morgan-Warren and A. P. Carter and C. Vonrhein and T. Hartsch and V. Ramakrishnan},
  title =        {Structure of the 30S Ribosomal Subunit},
  journal =      {Nature.},
  year =         2000,
  volume =       407,
  pages =        {327--339},
  OPTfiled  =    {},
  OPTmynote =    {},
  OPTpmid =      11014182,
}
@Article{Woese83,
  author =       {C. R. Woese and R. Gutell and R. Gupta and H. F. Noller},
  title =        {Detailed Analysis of the Higher-Order Structure of 16{S}-Like Ribosomal Ribonucleic Acids},
  journal =      {Microbiol Rev.},
  year =         1983,
  volume =       47,
  pages =        {621--669},
  OPTfiled  =    {},
  OPTmynote =    {},
  OPTpmid =      {},
}
@Article{Woese80,
  author =       {C. R. Woese and L. J. Magrum and R. Gupta and R. B. Siegel and D. A. Stahl and J. Kop and N. Crawford and J. Brosius and R. Gutell and J. J. Hogan and H. F. Noller},
  title =        {Secondary structure model for bacterial 16{S} ribosomal {RNA}: phylogenetic, enzymatic and chemical evidence},
  journal =      {Nucleic Acids Res.},
  year =         1980,
  volume =       10,
  pages =        {2275-93},
  OPTfiled  =    {},
  OPTmynote =    {},
  OPTpmid =      6159576,
}
